<record><leader>00000cas a22000007a 4500</leader><controlfield tag="001">17358756</controlfield><controlfield tag="008">880119d189u1904ohudn ne      0    0eng d</controlfield><datafield ind1=" " ind2=" " tag="010"><subfield code="a">sn 88078193 </subfield></datafield><datafield ind1=" " ind2=" " tag="040"><subfield code="a">ONP</subfield><subfield code="b">eng</subfield><subfield code="c">ONP</subfield><subfield code="d">OCLCQ</subfield></datafield><datafield ind1=" " ind2=" " tag="042"><subfield code="a">msc</subfield></datafield><datafield ind1="0" ind2="0" tag="245"><subfield code="a">Zanesville times recorder.</subfield></datafield><datafield ind1="3" ind2="0" tag="246"><subfield code="a">Sunday times recorder</subfield></datafield><datafield ind1=" " ind2=" " tag="260"><subfield code="a">Zanesville, Ohio :</subfield><subfield code="b">Times Recorder Co.,</subfield><subfield code="c">-1904.</subfield></datafield><datafield ind1=" " ind2=" " tag="300"><subfield code="a">v.</subfield></datafield><datafield ind1=" " ind2=" " tag="310"><subfield code="a">Daily</subfield></datafield><datafield ind1="0" ind2=" " tag="362"><subfield code="a">-v.20, no. 235 (Sept. 30, 1904).</subfield></datafield><datafield ind1=" " ind2=" " tag="500"><subfield code="a">Sundays ed. published as: Sunday times recorder, Dec. 2, 1894-&lt;1896&gt;.</subfield></datafield><datafield ind1=" " ind2=" " tag="588"><subfield code="a">Description based on: July 16, 1894 issue.</subfield></datafield><datafield ind1=" " ind2=" " tag="752"><subfield code="a">United States</subfield><subfield code="b">Ohio</subfield><subfield code="c">Muskingum</subfield><subfield code="d">Zanesville.</subfield></datafield><datafield ind1="0" ind2=" " tag="775"><subfield code="t">Weekly times recorder</subfield><subfield code="w">(DLC)sn 88078191</subfield></datafield><datafield ind1="0" ind2="0" tag="780"><subfield code="t">Zanesville daily times recorder</subfield><subfield code="w">(DLC)sn 88078194</subfield></datafield><datafield ind1="0" ind2="0" tag="785"><subfield code="t">Times recorder</subfield><subfield code="w">(DLC)sn 84028840</subfield></datafield></record>